=LDR  02367 am a22005295a 4500
=001  003063955
=003  Uk
=005  20210128153859.0
=008  891228s1867\\\\gw\\\\\||\\\\\0||\0|ger\\
=FMT  \\$a  BK
=019  x\$a2723670228
=040  \\$aUk$beng$cUk
=100  1\$aReichard, Max.
=245  10$aErinnerungen eines evangelischen Feldpredigers im französischen Lager vor Sewastopol 1855-1856 /$bvon Max Reichard.
=264  \1$aBielefeld ;$aLeipzig :$bVelhagen & Klasing,$c1867.
=300  \\$a177 pages ;$c(8º)
=336  \\$atext$2rdacontent
=337  \\$aunmediated$2rdamedia
=338  \\$avolume$2rdacarrier
=650  \0$aCrimean War, 1853-1856$vPersonal narratives.
=650  \7$aReligious biography$2fast$0(OCoLC)fst01093948
=651  \7$aEurope$2fast$0(OCoLC)fst01245064
=655  \7$aBiography$2fast$0(OCoLC)fst01423686
=752  \\$aGermany$dBielefeld.
=752  \\$aGermany$dLeipzig.
=856  4\$3Volltext // 2010 digitalisiert von: Bayerische Staatsbibliothek, München. Exemplar der Bayerischen Staatsbibliothek mit der Signatur: Eur. 641 h$uhttp://www.mdz-nbn-resolving.de/urn/resolver.pl?urn=urn:nbn:de:bvb:12-bsb10618279-3$xResolving-System$zkostenfrei
=856  41$uhttp://books.google.co.uk/books?vid=BL:A0019150890$yGoogle_Books
=883  0\$aFAST headings derived from: A topical index to pressmarks in use in the British Museum Library ... / Robin Alston. (London : R.C. Alston, 1987)$d20201111$qUk
=852  41$aBritish Library$bHMNTS$j4887.b.44.
=985  \\$aCorrected by BSS-generated file for WR# 11/012
=985  \\$aCorrected by MS generated file for WR# 1805-0738
=985  \\$aUpgraded by BSS-generated file for WR2012-0338
=CAT  \\$aCONV$b00$c20040502$lBLL01$h0958
=CAT  \\$aBATCH$b00$c20091130$lBLL01$h0308
=CAT  \\$aBLSS-CORR$b00$c20110128$lBLL01$h1601
=CAT  \\$a11837$b40$c20130510$lBLL01$h1812
=CAT  \\$aWR14_057$b00$c20141128$lBLL01$h1851
=CAT  \\$aBATCH-UPD$b00$c20180412$lBLL01$h1112
=CAT  \\$a1805-0738$c20181109$lBLL01$h1826
=CAT  \\$a1805-0738$b00$c20181109$lBLL01$h1856
=CAT  \\$aW2001-2376$c20200605$lBLL01$h1915
=CAT  \\$aW2012-0338$b00$c20201209$lBLL01$h2010
=CAT  \\$aW2012-0338$c20210128$lBLL01$h1538
=FIN  \\$aY
=LEO  \\$aMP1.0003265391
=SRC  \\$aBLS01$bbibmp1.200404.2.ad
=LAS  \\$aW2012-0338$b00$c20210128$lBLL01$h1538

