=LDR  03451 am a2200757ua 4500
=001  001391167
=003  Uk
=005  20180411124855.0
=008  801126s1841\\\\fr\af\\\\\\\\\000\0\fre\\
=FMT  \\$a  BK
=010  \\$a   06002736 
=016  7\$aCAT10622206$2DNAL
=019  x\$a1221340336
=024  7\$aurn:nbn:de:bvb:12-bsb10307276-8$2urn
=035  \\$a(OCoLC)6976956$z(OCoLC)265528442
=040  \\$aDLC$beng$cCLE$dOCLCQ$dMUQ$dNLGGC$dAGL$dCLU$dKRTAS$dAMAZN$dOCLCQ$dCUD$dZWZ$dDEBBG$dOCLCF$dOCLCO$dOCLCQ$dEUW$dOCLCO$dOCLCQ$dOCLCO$dUk
=050  \4$aQL3$b.G34
=070  1\$a411$bG292E
=072  \0$aL000
=082  04$a590
=084  \\$a42.75$2bcl
=100  1\$aGeoffroy Saint-Hilaire, Isidore,$d1805-1861.
=245  10$aEssais de zoologie générale, ou, Mémoires et notices sur la zoologie générale, l'anthropologie, et l'histoire de la science /$cpar M. Isidore Geoffroy Saint-Hilaire.
=246  30$aMémoires et notices sur la zoologie générale, l'anthropologie et l'historie de la science
=260  \\$aParis :$bRoret,$c1841.
=300  \\$axv, 518 pages ;$c21 cm +$e1 atlas of 8 leaves of plates (2 black and white, and 6 colour) ; 21 cm
=336  \\$atext$btxt$2rdacontent
=337  \\$aunmediated$bn$2rdamedia
=338  \\$avolume$bnc$2rdacarrier
=490  1\$aSuites à Buffon
=500  \\$a"Ce volume se compose de quinze notices et mémoires, les uns déjà publiés il y a quelques années, les autres nouveaux et inédits."--Preface.
=500  \\$a"Table des auteurs cités dans la partie historique": pages [213]-223.
=530  \\$aAlso issued online.
=650  \0$aZoology.
=650  \0$aZoology$xHistory.
=650  \0$aAnthropology.
=650  \2$aZoology.
=650  \2$aZoology$xhistory.
=650  \2$aAnthropology.
=650  \7$aAnthropology.$2fast
=650  \7$aZoology.$2fast
=655  \7$aHistory.$2fast
=776  08$iOnline version:$aGeoffroy Saint-Hilaire, Isidore, 1805-1861.$tEssais de zoologie générale.$dParis, Roret, 1841
=830  \0$aSuites à Buffon.
=856  41$uhttp://books.google.co.uk/books?vid=BL:A0020404209$yGoogle_Books
=856  41$3Volltext // Exemplar mit der Signatur: München, Bayerische Staatsbibliothek -- Zool. 192 f$uhttp://mdz-nbn-resolving.de/urn:nbn:de:bvb:12-bsb10307276-8$xResolving-System$zkostenfrei
=856  4\$3Volltext // 2009 digitalisiert von: Bayerische Staatsbibliothek, München. Exemplar der Bayerischen Staatsbibliothek mit der Signatur: Zool. 192 f$uhttp://www.mdz-nbn-resolving.de/urn/resolver.pl?urn=urn:nbn:de:bvb:12-bsb10307276-8$xResolving-System$zkostenfrei
=852  41$aBritish Library$bHMNTS$j1147.i.19.$3Text
=852  41$aBritish Library$bHMNTS$j1147.k.28.$3Plates
=852  41$aBritish Library$bHMNTS$j730.e.17.$3Text
=852  41$aBritish Library$bHMNTS$j730.f.16.$3Plates
=CAT  \\$aCONV$b00$c20040502$lBLL01$h0919
=CAT  \\$a5100$b40$c20080118$lBLL01$h0914
=CAT  \\$aBATCH$b00$c20091128$lBLL01$h2028
=CAT  \\$aBLSS-CORR$b00$c20100917$lBLL01$h1636
=CAT  \\$aWR14_057$b00$c20151129$lBLL01$h1901
=CAT  \\$aBATCH-UPD$b00$c20151129$lBLL01$h2023
=CAT  \\$a6550$b40$c20180411$lBLL01$h1227
=CAT  \\$a6550$b40$c20180411$lBLL01$h1248
=FIN  \\$aY
=LEO  \\$aMP1.0001466784
=LEO  \\$aMP1.0001466784.1
=LEO  \\$aMP1.0001466784.3
=SID  \\$aZ39$bOCLC
=SRC  \\$aBLS01$bbibmp1.200404.2.ab
=LAS  \\$a6550$b40$c20180411$lBLL01$h1248

