=LDR  01989 am a2200529 a 4500
=001  001016969
=003  Uk
=005  20110328161551.0
=006  m\\\\\\\\u\\\\\\\\
=008  850828s1866\\\\gw\\\\\\\b\\\\000\0\ger\\
=FMT  \\$a  BK
=010  \\$a85198405
=019  x\$a0900970219
=024  7\$aurn:nbn:de:bvb:12-bsb10570358-2$2urn
=035  \\$a(OCoLC)27388018$z(OCoLC)6452760
=040  \\$aUk$cUk$dUk
=042  \\$aukblsr
=043  \\$aa-is---
=050  00$aBM656$b.D97 1866
=082  04$a296.3$2DDC22ger
=100  1\$aDuschak, M.$q(Moritz),$d1815-1890.
=245  10$aGeschichte und Darstellung des jüdischen Cultus /$cM. Duschak.
=260  \\$aMannheim :$bJ. Schneider,$c1866.
=300  \\$axvi, 401 p. ;$c22 cm.
=336  \\$atext$2rdacontent
=337  \\$aunmediated$2rdamedia
=338  \\$avolume$2rdacarrier
=504  \\$aIncludes bibliographical references.
=650  \0$aWorship in the Bible.
=610  20$aTemple of Jerusalem (Jerusalem)
=650  \0$aSacrifice$xBiblical teaching.
=650  \0$aJudaism$xLiturgy.
=856  4\$3Volltext // 2010 digitalisiert von: Bayerische Staatsbibliothek, München. Exemplar der Bayerischen Staatsbibliothek mit der Signatur: Jud. 20 fc$uhttp://www.mdz-nbn-resolving.de/urn/resolver.pl?urn=urn:nbn:de:bvb:12-bsb10570358-2$xResolving-System$zkostenfrei
=856  41$uhttp://books.google.co.uk/books?vid=BL:A0019032976$yGoogle_Books
=852  41$aBritish Library$bHMNTS$j4034.g.13.
=985  \\$aCorrected by BSS-generated file for WR# 10/107
=CAT  \\$aCONV$b00$c20040502$lBLL01$h0912
=CAT  \\$aBATCH$b00$c20091128$lBLL01$h1809
=CAT  \\$aBLSS-CORR$b00$c20100917$lBLL01$h1630
=CAT  \\$a11837$b40$c20110328$lBLL01$h1615
=CAT  \\$aWR14_057$b00$c20141128$lBLL01$h1847
=CAT  \\$aBATCH-UPD$b00$c20180412$lBLL01$h1111
=FIN  \\$aY$d20110328
=LEO  \\$aMP1.0001070502
=SID  \\$aZ39$bOCLC
=SRC  \\$aBLS01$bbibmp1.200404.2.ab
=LAS  \\$aBATCH-UPD$b00$c20180412$lBLL01$h1111

